@article{gdr-bs:ipr-macis-special-issue,
    author = {Dos~Reis, Gabriel and Stroustrup, Bjarne},
    title = {{A Principled, Complete, and Efficient Representation of C++}},
    journal = {Journal of Mathematics in Computer Science},
    year = 2011,
    volume = {Special Issue on Polynomial System Solving, System and Control, and Software Science},
}

@misc{ipr:web,
    key = {IPR},
    title = {Internal Program Representation},
    howpublished = { \url{https://github.com/GabrielDosReis/ipr} }
}